
    <zs:record>
      <zs:recordSchema/>
      <zs:recordPacking>xml</zs:recordPacking>
      <zs:recordData>
        <record xmlns="http://www.loc.gov/MARC21/slim">
          <leader>01923ctm a2200409 a 4500</leader>
          <controlfield tag="001">13618591</controlfield>
          <controlfield tag="005">20150120094505.0</controlfield>
          <controlfield tag="008">040604s1941    xx a          000 0 eng  </controlfield>
          <datafield tag="906" ind1=" " ind2=" ">
            <subfield code="a">7</subfield>
            <subfield code="b">cbc</subfield>
            <subfield code="c">orignew</subfield>
            <subfield code="d">3</subfield>
            <subfield code="e">ncip</subfield>
            <subfield code="f">20</subfield>
            <subfield code="g">y-rlinjack</subfield>
          </datafield>
          <datafield tag="925" ind1="0" ind2=" ">
            <subfield code="a">acquire</subfield>
            <subfield code="b">1 shelf copy</subfield>
            <subfield code="x">policy default</subfield>
          </datafield>
          <datafield tag="955" ind1=" " ind2=" ">
            <subfield code="c">yg04 2004-06-04</subfield>
            <subfield code="d">yg11 2004-06-07</subfield>
            <subfield code="e">yg18 2004-06-10</subfield>
            <subfield code="e">yy08 2006-03-07 to Cage</subfield>
          </datafield>
          <datafield tag="010" ind1=" " ind2=" ">
            <subfield code="a">  2004551479</subfield>
          </datafield>
          <datafield tag="035" ind1=" " ind2=" ">
            <subfield code="a">(CStRLIN)DCLP04-B10368</subfield>
          </datafield>
          <datafield tag="040" ind1=" " ind2=" ">
            <subfield code="a">DLC-R</subfield>
            <subfield code="c">DLC-R</subfield>
            <subfield code="d">DLC-R</subfield>
            <subfield code="d">DLC</subfield>
          </datafield>
          <datafield tag="043" ind1=" " ind2=" ">
            <subfield code="a">n-us---</subfield>
          </datafield>
          <datafield tag="050" ind1="0" ind2="0">
            <subfield code="a">E415.9.H34 A4 1941</subfield>
          </datafield>
          <datafield tag="066" ind1=" " ind2=" ">
            <subfield code="c">$1</subfield>
          </datafield>
          <datafield tag="100" ind1="1" ind2=" ">
            <subfield code="a">Harris, Townsend,</subfield>
            <subfield code="d">1804-1878.</subfield>
          </datafield>
          <datafield tag="245" ind1="1" ind2="0">
            <subfield code="6">880-01</subfield>
            <subfield code="a">[Beikoku Gikai Toshokan Sakanishi shiryō.</subfield>
            <subfield code="p">Unpublished letters of Townsend Harris (draft)].</subfield>
          </datafield>
          <datafield tag="880" ind1="1" ind2="0">
            <subfield code="6">245-01/$1</subfield>
            <subfield code="a">[米國 議會 圖書館・坂西 資料.</subfield>
            <subfield code="p">Unpublished letters of Townsend Harris (draft)].</subfield>
          </datafield>
          <datafield tag="246" ind1="3" ind2="0">
            <subfield code="a">Unpublished letters of Townsend Harris (draft)</subfield>
          </datafield>
          <datafield tag="260" ind1=" " ind2=" ">
            <subfield code="c">[not after 1941]</subfield>
          </datafield>
          <datafield tag="300" ind1=" " ind2=" ">
            <subfield code="a">[45] sheets :</subfield>
            <subfield code="b">ill. ;</subfield>
            <subfield code="c">27 cm.</subfield>
          </datafield>
          <datafield tag="500" ind1=" " ind2=" ">
            <subfield code="a">Ms. (typewritten).</subfield>
          </datafield>
          <datafield tag="500" ind1=" " ind2=" ">
            <subfield code="a">Title supplied by cataloger.</subfield>
          </datafield>
          <datafield tag="500" ind1=" " ind2=" ">
            <subfield code="a">Probably (a portion?) of a draft for "Some unpublished letters of Townsend Harris" edited by Shio Sakanishi. (Published: New York : Japan Reference Library, 1941) Cf. RLIN database.</subfield>
          </datafield>
          <datafield tag="500" ind1=" " ind2=" ">
            <subfield code="a">All letters signed "Townsend Harris"; most of them begin with "My dear Kate"</subfield>
          </datafield>
          <datafield tag="500" ind1=" " ind2=" ">
            <subfield code="a">Includes a leaf of pictures of Shimoda and Harris House at Shimoda.</subfield>
          </datafield>
          <datafield tag="500" ind1=" " ind2=" ">
            <subfield code="a">Written on Library of Congress stationery with watermark seal.</subfield>
          </datafield>
          <datafield tag="600" ind1="1" ind2="0">
            <subfield code="a">Harris, Townsend,</subfield>
            <subfield code="d">1804-1878</subfield>
            <subfield code="v">Correspondence.</subfield>
          </datafield>
          <datafield tag="650" ind1=" " ind2="0">
            <subfield code="a">Consuls</subfield>
            <subfield code="z">United States</subfield>
            <subfield code="v">Correspondence.</subfield>
          </datafield>
          <datafield tag="700" ind1="1" ind2=" ">
            <subfield code="6">880-02</subfield>
            <subfield code="a">Sakanishi, Shiho,</subfield>
            <subfield code="d">1896-1976.</subfield>
          </datafield>
          <datafield tag="880" ind1="1" ind2=" ">
            <subfield code="6">700-02/$1</subfield>
            <subfield code="a">坂西 志保,</subfield>
            <subfield code="d">1896-1976.</subfield>
          </datafield>
          <datafield tag="700" ind1="1" ind2=" ">
            <subfield code="a">Janvier, Catharine A.</subfield>
            <subfield code="q">(Catharine Ann),</subfield>
            <subfield code="d">1841-1922.</subfield>
          </datafield>
          <datafield tag="710" ind1="2" ind2=" ">
            <subfield code="a">Japanese Manuscript Collection (early Shōwa era) (Library of Congress)</subfield>
            <subfield code="5">DLC</subfield>
          </datafield>
          <datafield tag="985" ind1=" " ind2=" ">
            <subfield code="e">JAMSC</subfield>
          </datafield>
          <datafield tag="985" ind1=" " ind2=" ">
            <subfield code="e">SAKAN Box 1, no. 21</subfield>
          </datafield>
        </record>
      </zs:recordData>
      <zs:recordPosition>9</zs:recordPosition>
    </zs:record>