
    <zs:record>
      <zs:recordSchema/>
      <zs:recordPacking>xml</zs:recordPacking>
      <zs:recordData>
        <record xmlns="http://www.loc.gov/MARC21/slim">
          <leader>01556cam a2200361 a 4500</leader>
          <controlfield tag="001">2837781</controlfield>
          <controlfield tag="005">20211202075055.0</controlfield>
          <controlfield tag="008">840316s1938    mx       i    000 0 spa  </controlfield>
          <datafield tag="906" ind1=" " ind2=" ">
            <subfield code="a">7</subfield>
            <subfield code="b">cbc</subfield>
            <subfield code="c">orignew</subfield>
            <subfield code="d">1</subfield>
            <subfield code="e">ncip</subfield>
            <subfield code="f">19</subfield>
            <subfield code="g">y-gencatlg</subfield>
          </datafield>
          <datafield tag="955" ind1=" " ind2=" ">
            <subfield code="u">he18 2021-12-02 TW situational</subfield>
          </datafield>
          <datafield tag="035" ind1=" " ind2=" ">
            <subfield code="9">(DLC)   83461877</subfield>
          </datafield>
          <datafield tag="010" ind1=" " ind2=" ">
            <subfield code="a">   83461877 </subfield>
          </datafield>
          <datafield tag="040" ind1=" " ind2=" ">
            <subfield code="a">DLC</subfield>
            <subfield code="c">DLC</subfield>
            <subfield code="d">DLC</subfield>
          </datafield>
          <datafield tag="043" ind1=" " ind2=" ">
            <subfield code="a">n-mx---</subfield>
          </datafield>
          <datafield tag="050" ind1="0" ind2="0">
            <subfield code="a">Z1412.G2</subfield>
            <subfield code="b">J36 1938</subfield>
          </datafield>
          <datafield tag="082" ind1="0" ind2="0">
            <subfield code="a">015.72</subfield>
            <subfield code="2">19</subfield>
          </datafield>
          <datafield tag="100" ind1="1" ind2=" ">
            <subfield code="a">Janvier, Catharine A.</subfield>
            <subfield code="q">(Catharine Ann),</subfield>
            <subfield code="d">1841-1922.</subfield>
          </datafield>
          <datafield tag="245" ind1="1" ind2="0">
            <subfield code="a">Indice alfabético de la Bibliografía mexicana del siglo XVI de don Joaquín García Icazbalceta /</subfield>
            <subfield code="c">formado por Catarina A. Janvier ; traducción y arreglo de Manuel Toussaint y Justino Fernández.</subfield>
          </datafield>
          <datafield tag="260" ind1=" " ind2=" ">
            <subfield code="a">México :</subfield>
            <subfield code="b">Librería de Porrua Hnos.,</subfield>
            <subfield code="c">1938.</subfield>
          </datafield>
          <datafield tag="300" ind1=" " ind2=" ">
            <subfield code="a">xix p. ;</subfield>
            <subfield code="c">33 cm.</subfield>
          </datafield>
          <datafield tag="500" ind1=" " ind2=" ">
            <subfield code="a">"Cien ejemplares numerados"--Colophon.</subfield>
          </datafield>
          <datafield tag="590" ind1=" " ind2=" ">
            <subfield code="a">LC has copy no. 57.</subfield>
          </datafield>
          <datafield tag="600" ind1="1" ind2="0">
            <subfield code="a">García Icazbalceta, Joaquín,</subfield>
            <subfield code="d">1825-1894.</subfield>
            <subfield code="t">Bibliografía mexicana del siglo XVI</subfield>
            <subfield code="x">Indexes.</subfield>
          </datafield>
          <datafield tag="651" ind1=" " ind2="0">
            <subfield code="a">Mexico</subfield>
            <subfield code="x">Imprints</subfield>
            <subfield code="x">Indexes.</subfield>
          </datafield>
          <datafield tag="650" ind1=" " ind2="0">
            <subfield code="a">Early printed books</subfield>
            <subfield code="x">Mexico</subfield>
            <subfield code="y">16th century</subfield>
            <subfield code="x">Bibliography</subfield>
            <subfield code="x">Indexes.</subfield>
          </datafield>
          <datafield tag="650" ind1=" " ind2="0">
            <subfield code="a">Printing</subfield>
            <subfield code="z">Mexico</subfield>
            <subfield code="x">History</subfield>
            <subfield code="y">16th century</subfield>
            <subfield code="x">Indexes.</subfield>
          </datafield>
          <datafield tag="700" ind1="1" ind2=" ">
            <subfield code="a">García Icazbalceta, Joaquín,</subfield>
            <subfield code="d">1825-1894.</subfield>
            <subfield code="t">Bibliografía mexicana del siglo XVI.</subfield>
          </datafield>
          <datafield tag="952" ind1=" " ind2=" ">
            <subfield code="a">Was dash entry on 4-10772.</subfield>
          </datafield>
          <datafield tag="952" ind1=" " ind2=" ">
            <subfield code="a">Now recat. vj03 5oct83.</subfield>
          </datafield>
          <datafield tag="952" ind1=" " ind2=" ">
            <subfield code="a">LAC aaa 2019-05-01 no edits (1 card)</subfield>
          </datafield>
          <datafield tag="984" ind1=" " ind2=" ">
            <subfield code="a">rsl</subfield>
            <subfield code="d">2019-05-01</subfield>
          </datafield>
          <datafield tag="985" ind1=" " ind2=" ">
            <subfield code="a">rblacfederal</subfield>
            <subfield code="d">20190501</subfield>
          </datafield>
          <datafield tag="991" ind1=" " ind2=" ">
            <subfield code="b">c-GenColl</subfield>
            <subfield code="h">Z1412.G2</subfield>
            <subfield code="i">J36 1938</subfield>
            <subfield code="t">Copy 1</subfield>
            <subfield code="w">BOOKS</subfield>
          </datafield>
        </record>
      </zs:recordData>
      <zs:recordPosition>11</zs:recordPosition>
    </zs:record>